
@book{devlin_joy_1993,
	address = {New York},
	edition = {2nd},
	title = {The {Joy} of {Sets}: {Fundamentals} of {Contemporary} {Set} {Theory}},
	publisher = {Springer},
	author = {Devlin, K.J.},
	year = {1993}
}

@misc{john_jones_spoj_2009,
	title = {{SPOJ} {Discussion} {Board}},
	url = {http://discuss.spoj.com/t/problemset-3/242/13},
	author = {john\_jones},
	year = {2009}
}



@misc{piwakowski_crypto4_2004,
	title = {{CRYPTO}4 - {The} {Bytelandian} {Cryptographer} ({Act} {IV})},
	url = {http://www.spoj.com/problems/CRYPTO4/},
	journal = {Sphere Online Jugde},
	author = {Piwakowski, Konrad},
	year = {2004}
}

@book{henk_encyclopedia_2005,
	title = {Encyclopedia of {Cryptography} and {Security}},
	publisher = {Springer},
	author = {Henk, C.A},
	year = {2005}
}

@misc{noauthor_kasiski_nodate,
	title = {Kasiski {Method}},
	url = {http://pages.mtu.edu/~shene/NSF-4/Tutorial/VIG/Vig-Kasiski.html}
}

@book{william_crytography_2011,
	edition = {5th},
	title = {Crytography and {Network} {Security}},
	publisher = {Pearson},
	author = {William, Stallings},
	year = {2011}
}

@book{stallings_computer_2015,
	edition = {3rd},
	title = {Computer {Security} {Principles} and {Practice}},
	publisher = {Pearson},
	author = {Stallings, William and Brown, Lawrie},
	year = {2015}
}